% This file was created with JabRef 2.9.2.
% Encoding: Cp1252

@techreport{NCRP151,
	author = {NCRP Report 151},
	title = {Structural Shielding Design and Evaluation for Megavoltage X- and Gamma-ray Radiotherapy Facilities},
	institution = {National Council on Radiation Protection and Measurements},
	year = {2005},
}

@techreport{10CFR20,
	author = {NRC},
	title = {Code of Federal Regulations, Title 10 Part 20: STANDARDS FOR PROTECTION AGAINST RADIATION},
	institution = {Nuclear Regulatory Commision},
	year = {2015},
}

@techreport{NCRP49,
	author = {NCRP Report 49},
	title = {{Structural Shielding Design and Evaluation for Medical Use of X-rays and Gamma Rays of Energies up to 10 MeV}},
	institution = {National Council on Radiation Protection and Measurements},
	year = {1976},
}